% Referencias do trabalho: 

@article{Owen1998,
  title={A history of harmonics in power systems},
  author={Owen, Edward L},
  journal={IEEE Industry Applications Magazine},
  volume={4},
  number={1},
  pages={6--12},
  year={1998},
  publisher={IEEE}
}

@article{NormaIEEE2014, 
author={Std-519 IEEE}, 
journal={IEEE Std 519-2014 (Revision of IEEE Std 519-1992)}, 
title={IEEE Recommended Practice and Requirements for Harmonic Control in Electric Power Systems}, 
year={2014}, 
volume={}, 
number={}, 
pages={1-29}, 
keywords={IEEE standards;interference suppression;power supply quality;power system control;power system harmonics;wired telephone systems;radio-frequency interference effect;power quality;interference reduction;electrical equipment;point of common coupling;voltage waveforms;current waveforms;waveform distortion;IEEE Std 519-1992 revision;IEEE Std 519-2014;electric power systems;harmonic control;IEEE recommended practice;IEEE standards;Harmonic analysis;Power quality;Power systems reliability;Electric power systems;harmonics;IEEE 519(TM);power quality}, 
doi={10.1109/IEEESTD.2014.6826459}, 
ISSN={}, 
month={Jun},}